@article{pedregosa2011scikit,
  title={Scikit-learn: Machine learning in Python},
  author={Pedregosa, F. and Varoquaux, G. and Gramfort, A. and Michel, V. and Thirion, B. and Grisel, O. and Blondel, M. and Prettenhofer, P. and Weiss, R. and Dubourg, V. and others},
  journal={Journal of Machine Learning Research},
  volume={12},
  pages={2825--2830},
  year={2011}
}

@book{james2023introduction,
  title={An Introduction to Statistical Learning: with Applications in Python},
  author={James, Gareth and Witten, Daniela and Hastie, Trevor and Tibshirani, Robert and Taylor, Jonathan},
  publisher={Springer International Publishing},
  edition={illustrated, reprint},
  year={2023},
  isbn={3031387465, 9783031387463},
  series={Springer Texts in Statistics},
  pages={60},
  note={Page: 77}
}

@book{burnham2003model,
  title={Model Selection and Multimodel Inference: A Practical Information-Theoretic Approach},
  author={Burnham, K.P. and Anderson, D.R.},
  isbn={9780387953649},
  lccn={2001057677},
  url={https://books.google.ca/books?id=fT1Iu-h6E-oC},
  year={2003},
  publisher={Springer New York}
}

@misc{stack_overflow_c_parameter,
  title = {What is 'C' parameter in sklearn Logistic Regression?},
  author = {Cottontail},
  year = {2023},
  howpublished = {\url{https://stackoverflow.com/questions/67513075/what-is-c-parameter-in-sklearn-logistic-regression}},
  note = {Accessed: December 8, 2023}
}

@misc{geeksforgeeks_kernel_svm,
  title = {Major Kernel Functions in Support Vector Machine (SVM)},
  author = {Anonymous},
  year = {2022},
  howpublished = {\url{https://www.geeksforgeeks.org/major-kernel-functions-in-support-vector-machine-svm/}},
  note = {Accessed: December 8, 2023}
}

@book{james2023introduction_bootstrap,
  title={An Introduction to Statistical Learning: with Applications in Python},
  author={James, Gareth and Witten, Daniela and Hastie, Trevor and Tibshirani, Robert and Taylor, Jonathan},
  publisher={Springer International Publishing},
  edition={illustrated, reprint},
  year={2023},
  isbn={3031387465, 9783031387463},
  series={Springer Texts in Statistics},
  pages={212},
  note={Page: 212}
}